@inproceedings{zhu2015machine,
  title={Machine teaching: An inverse problem to machine learning and an approach toward optimal education},
  author={Zhu, Xiaojin},
  booktitle={AAAI},
  year={2015}
}

@article{zhu2018overview,
  title={An overview of machine teaching},
  author={Zhu, Xiaojin and Singla, Adish and Zilles, Sandra and Rafferty, Anna N},
  journal={arXiv preprint arXiv:1801.05927},
  year={2018}
}

@inproceedings{liu2017iterative,
  title={Iterative machine teaching},
  author={Liu, Weiyang and Dai, Bo and Humayun, Ahmad and Tay, Charlene and Yu, Chen and Smith, Linda B and Rehg, James M and Song, Le},
  booktitle={ICML},
  year={2017}
}

@inproceedings{liu2018towards,
  title={Towards black-box iterative machine teaching},
  author={Liu, Weiyang and Dai, Bo and Li, Xingguo and Liu, Zhen and Rehg, James and Song, Le},
  booktitle={ICML},
  year={2018},
}

@InProceedings{Liu2021LAST,
    title={Iterative Teaching by Label Synthesis},
    author={Liu, Weiyang and Liu, Zhen and Wang, Hanchen and Paull, Liam and Sch√∂lkopf, Bernhard and Weller, Adrian},
    booktitle = {NeurIPS},
    year={2021}}

@InProceedings{qiu2022iterative,
  title={Iterative Teaching by Data Hallucination},
  author={Qiu, Zeju and Liu, Weiyang and Xiao, Tim Z and Liu, Zhen and Bhatt, Umang and Luo, Yucen and Weller, Adrian and Sch{\"o}lkopf, Bernhard},
  booktitle={AISTATS},
  year={2022}
}

@inproceedings{mansouri2019preference,
  title={Preference-based batch and sequential teaching: Towards a unified view of models},
  author={Mansouri, Farnam and Chen, Yuxin and Vartanian, Ara and Zhu, Jerry and Singla, Adish},
  booktitle={NeurIPS},
  year={2019}
}

@inproceedings{kumar2021teaching,
  title={The teaching dimension of kernel perceptron},
  author={Kumar, Akash and Zhang, Hanqi and Singla, Adish and Chen, Yuxin},
  booktitle={AISTATS},
  year={2021}
}

@inproceedings{qian2022teaching,
  title={The Teaching Dimension of Regularized Kernel Learners},
  author={Qian, Hong and Liu, Xu-Hui and Su, Chen-Xi and Zhou, Aimin and Yu, Yang},
  booktitle={ICML},
  year={2022}
}

@inproceedings{xu2021locality,
	title={Locality Sensitive Teaching},
	author={Xu, Zhaozhuo and Chen, Beidi and Li, Chaojian and Liu, Weiyang and Song, Le and Lin, Yingyan and Shrivastava, Anshumali},
	year={2021},
	booktitle={NeurIPS}
}

@inproceedings{wang2021gradient,
	title={Gradient-based Algorithms for Machine Teaching},
	author={Wang, Pei and Nagrecha, Kabir and Vasconcelos, Nuno},
	booktitle={CVPR},
	year={2021}
}

@inproceedings{shen2020sinkhorn,
  title={Sinkhorn barycenter via functional gradient descent},
  author={Shen, Zebang and Wang, Zhenfu and Ribeiro, Alejandro and Hassani, Hamed},
  booktitle={NeurIPS},
  year={2020}
}